@article{masteringbitcoin,
	title={{Mastering Bitcoin}},
	author={Andreas Antonopoulos},
	pages={88--88},
	year={2017},
	publisher={O'Reilly}
}

@online{bitcoinofficialdoc,
	title="Documentazione ufficiale Bitcoin",
	url={"https://bitcoin.org/en/developer-documentation"}
}

@online{bitcoinpaper,
	title={Bitcoin: A Peer-to-Peer Electronic Cash System},
	author={"Satoshi Nakamoto"}
	url={https://bitcoin.org/bitcoin.pdf},
	date={2018}
}

@online{bitcoinwiki,
	title={Bitcoin official Wiki},
	url={https://en.bitcoin.it/wiki/Bitcoin}
}

@online{litecoinpool,
	title={litecoinpool.org},
	url={https://litecoinpool.org}
}

@online{chainso,
title = {chain.so LTC explorer},
url = {https://chain.so/LTC},
OPTyear = {2018},
}


@online{blockonomi,
title={What is Bitcoin Halving? Complete Guide to this Mining Change},
url={https://blockonomi.com/bitcoin-halving/}
}

@online{empty,
	title = {Why do some mining pools mine empty blocks},
	url = {https://bitcoinmagazine.com/articles/why-do-some-bitcoin-mining-pools-mine-empty-blocks-1468337739/},
	OPTlanguage = {english},
	OPTyear = {2016},
}

@online{bitinfocharts,
	title= {Bitinfocharts.com}
	url = {https://bitinfocharts.com/}
	OPTyear = {2018}
}

@online{bitcoinwisdom,
	title = {Difficulty graphs on bitcoinwisdom,com},
	date = {2018},
	url = {https://bitcoinwisdom.com/litecoin/difficulty}
}

@online{litecoinjgithub,
title= {LitecoinJ github by GeneralBytes},
url= {https://github.com/GENERALBYTESCOM/litecoinj}
}

@online{mmcoincentral,
	title = {What is Merged Mining? | A Potential Solution to 51% Attacks},
	url = {https://coincentral.com/merged-mining/},
	OPTyear = {2018},

}

@online{relatedwork,
	title={Empirical Analysis of Cryptocurrencies},
	author={"Manoj Kumar Popuri and Mehmet Hadi Gunes"},
	url={"https://pdfs.semanticscholar.org/3455/17a3a5b0da55e415d9b658a63d6b6656c20e.pdf"}
}

@online{mediumltcsilver,
	title={Litecoin, The Silver to Bitcoins Gold},
	url={https://medium.com/bconomist/litecoin-the-silver-to-bitcoins-gold-72231b4bc1b3}
}


@online{coinmarketcap,
title={Coinmarketcap.com},
url={https://www.coinmarketcap.com}
}

@online{litecoinreview,
title={Litecoin review},
author={blockchainsensei.com},
url={https://www.blockchainsensei.com/litecoin-review/}
}

@online{bip141,
title={BIP141 - Bitcoin Github}
url={https://github.com/bitcoin/bips/blob/master/bip-0141.mediawiki}
}